% Encoding: UTF-8
% things only appear in the bib if u cite em in the paper

@Book{Bringhurst12,
  title     = {The Elements of Typographic Style},
  publisher = {Hartley \& Marks Publishers},
  year      = {2012},
  author    = {Robert Bringhurst},
  address   = {Vancouver, British Columbia, Canada},
  edition   = {4},
}

@Book{Tufte01,
  title     = {The visual display of quantitative information},
  publisher = {Graphics Press},
  year      = {2001},
  author    = {Edward R. Tufte},
  address   = {Chesh\-ire, CT, USA},
  edition   = {2},
}

@Book{Tufte90,
  title     = {Envisioning information},
  publisher = {Graphics Press},
  year      = {1990},
  author    = {Tufte, Edward R.},
  address   = {Chesh\-ire, CT, USA},
}

@article{Arndt1,
author = {Arndt, Stefanie and Willmes, Sascha and Dierking, Wolfgang and Nicolaus, Marcel},
address = {[Hoboken, NJ] :},
issn = {2169-9275},
journal = {Journal of geophysical research.},
lccn = {2012200750},
number = {8},
pages = {5916-5930},
publisher = {[Wiley Subscription Services, Inc.],},
title = {Timing and regional patterns of snowmelt on Antarctic sea ice from passive microwave satellite observations},
volume = {121},
year = {2016-08},
}

@article{BonnelMain,
author = {Bonnel, Julien and Kinda, G. and Zitterbart, Daniel},
year = {2021},
month = {06},
pages = {4061-4072},
title = {Low-frequency ocean ambient noise on the Chukchi Shelf in the changing Arctic},
volume = {149},
journal = {The Journal of the Acoustical Society of America},
doi = {10.1121/10.0005135}
}

%ice data
@Electronic{nsidc,
  author = {Tschudi, M. and Meier, W. and Stewart, J. and Fowler, C. and Maslanik J.},
  editor = {NASA National Snow and Ice Data Center Distributed Active Archive Center},
  title  = {{Polar pathfinder daily 25 km EASE-grid sea ice motion vectors, version 4}},
  year   = {2019},
  url    = {doi.org/10.5067/INAWUWO7QH7B},
  note   = {Last seen on Dec 14, 2020},
}

@Manual{osisaf_man,
  author = {Lavergne, T.},
  organization = {EUMETSAT OSI SAF - Ocean and Sea Ice Satellite Application Facility},
  title  = {{Low resolution sea ice drift Product User's Manual - v1.8. Technical Report SAF/OSI/CDOP/met.no/TEC/MA/128}},
  year   = {2016},
  url    = {doi.org/10.5067/INAWUWO7QH7B},
}

@misc{osisaf_data,
  title        = {low resolution sea ice drift product of the EUMETSAT Ocean and Sea Ice Satellite Application Facility},
  author       = {OSI-SAF},
  howpublished = {\url{https://osi-saf.eumetsat.int/products/osi-405-c}},
  year         = {2017},
  note         = {Accessed: 2022-03-15},
}

@Electronic{icdc_sea_ice,
  url  = {icdc.cen.uni-hamburg.de/en/seaiceconcentration-asi-ssmi.html},
  author = {ICDC}, 
  note = {Last seen on Dec 14, 2020},
}


@Comment{jabref-meta: databaseType:bibtex;}
